

@book{sato2014devops,
	title={DevOps na prática: entrega de software confiável e automatizada},
	author={Sato, Danilo},
	year={2014},
	publisher={Editora Casa do Código}
}

@book{mattiaskane,
	title={Primeiros Passos com Docker: Usando Contêineres em Produção},
	author={Matthias, Karl; Kane, Sean},
	year={2016},
	publisher={Editora Novatec}
}

@book{ibmdevops,
	title={O que é DevOps?},
	author={IBM},
	year={2018},
	publisher={Disponível em: $<$https://www.ibm.com/developerworks/\\ community/blogs/rationalbrasil/entry/o\_que\_devops?lang=en$>$. Acesso em: 12 de fevereiro }
}

@book{ibmdevops,
	title={O que é DevOps?},
	author={IBM},
	year={2018},
	publisher={Disponível em: $<$https://www.ibm.com/developerworks/\\ community/blogs/rationalbrasil/entry/o\_que\_devops?lang=en$>$. Acesso em: 12 de fevereiro }
}

@book{gartnerglossario,
	title={Glossário de Ti: DEVOPS},
	author={GARTNER, Group},
	year={2018},
	publisher={Disponível em: $<$https://www.gartner.com/ \\it-glossary/devops$>$. Acesso em 13 de fevereiro }
}

@book{gartnerglobal,
	title={Newsroom: Gartner Says By 2016, DevOps Will Evolve From a Niche to a Mainstream Strategy Employed by 25 Percent of Global 2000 Organizations},
	author={GARTNER, Group},
	year={2018},
	publisher={Disponível em: $<$https://www.gartner.com/newsroom/id/2999017$>$. Acesso em 13 de fevereiro }
}

@book{gaea,
	title={4 Motivos para Usar a Cultura DevOps},
	author={GAEA},
	year={2018},
	publisher={Disponível em: $<$https://gaea.com.br/4-motivos-para-usar-a-cultura-devops/\#$>$. Acesso em: 13 de fevereiro }
}

@book{costa,
	title={DevOps, quem usa? como adotar? o que usar?},
	author={COSTA, Bruna Lima},
	year={2018},
	publisher={Disponível em: $<$https://www.primeinf.com.br/devops-quem-usa-como-adotar-o-que-usar/$>$. Acesso em 13 de fevereiro }
}

@book{hashimoto,
	title={Atlas},
	author={HASHIMOTO, Mitchell},
	year={2018},
	publisher={Disponível em: $<$https://www.hashicorp.com/blog/atlas-announcement$>$. Acesso em 14 de fevereiro }
}

@book{marcelocosta,
	title={Ansible: uma nova opção para gerenciamento de configuração},
	author={COSTA, Marcelo},
	year={2018},
	publisher={Disponível em: $<$https://www.infoq.com/br/news/2013/04/ansible1.1$>$. Acesso em 14 de fevereiro }
}

@book{atalay,
	title={Implantação Contínua via GitLab, Jenkins, Docker e Slack},
	author={ATALAY, Ahmet},
	year={2018},
	publisher={Disponível em: $<$https://www.infoq.com/br/news/2013/04/ansible1.1$>$. Acesso em 14 de fevereiro }
}

@book{mouat,
	title={Usando Docker},
	author={MOUAT, Adrian},
	year={2016},
	publisher={Editora Novatec}
}

@book{scampini,
	title={Docker para desenvolvedores - Que vantagem eu teria com docker? },
	author={SCAMPINI, Romulo},
	year={2018},
	publisher={Disponível em: $<$https://medium.com/thdesenvolvedores/docker-para-desenvolvedores-que-vantagem-eu-teria-com-docker-ee8eb77cfe8d$>$ . Acesso em: 20 de fevereiro }
}

@article{walberg2008automate,
	title={Automate system administration tasks with puppet},
	author={Walberg, Sean},
	journal={Linux Journal},
	volume={2008},
	number={176},
	pages={5},
	year={2008},
	publisher={Belltown Media}
}

@inproceedings{garzotto2006chef,
	title={CHEF: a user centered perspective for Cultural Heritage Enterprise Frameworks},
	author={Garzotto, Franca and Megale, Luca},
	booktitle={Proceedings of the working conference on Advanced visual interfaces},
	pages={293--301},
	year={2006},
	organization={ACM}
}

@article{juniordevops,
	title={DEVOPS: APROXIMANDO A {\'A}REA DE DESENVOLVIMENTO DA OPERACIONAL},
	author={ Junior, Venicius and Cardoso, Luan and Zalla, Ricardo},
	year={2016}
}

@book{trucco,
	title={Tudo o que você precisa saber sobre Kubernetes – Parte 01},
	author={TRUCCO, Cristian},
	year={2018},
	publisher={Disponível em: $<$https://imasters.com.br/desenvolvimento/tudo-o-que-voce-precisa-saber-sobre-kubernetes-parte-01$>$}
}

@article{nathan2017,
	title={Aplica{\c{c}}{\~o}es em Cont{\^e}ineres},
	author={de Oliveira, Nathan Batista},
	year={2017}
}

@article{laureano2006maquinas,
	title={M{\'a}quinas Virtuais e Emuladores: Conceitos},
	author={LAUREANO, Marcos},
	journal={T{\'e}cnicas e},
	year={2006}
}

@article{de2015entrega,
	title={ENTREGA CONTINUA: UM ESTUDO DE CASO PARA AUTOMATIZA{\'C}{\~a}O DO FLUXO DE IMPLANTA{\'C}{\~a}O DO SISTEMA INTEGRA},
	author={de Almeida, Alicenaira Lanes Souza Carneiro and da Silva, Evaldo de Oliveira},
	journal={Caderno de Estudos em Sistemas de Informa{\c{c}}{\~a}o},
	volume={1},
	number={1},
	year={2015}
}

@book{humble2014entrega,
	title={Entrega cont{\'\i}nua: Como entregar software},
	author={Humble, Jez and Farley, David},
	year={2014},
	publisher={Bookman Editora}
}

@book{lecheta2014aws,
	title={AWS para Desenvolvedores: Aprenda a instalar aplica{\c{c}}oes na nuvem da Amazon AWS},
	author={Lecheta, Ricardo R},
	year={2014},
	publisher={Novatec Editora}
}

@book{puppet,
	title={Ger{\^e}ncia de configura{\c{c}}es com Puppet},
	author={Pires, A{\'e}cio dos Santos},
	year={2017},
	publisher={Novatec Editora}
}

@article{imhofsurvey,
	title={Um Survey sobre Extra{\c{c}}{\~a}o de Esquemas de Documentos JSON},
	author={Imhof, Rudimar and Frozza, Angelo Augusto and dos Santos Mello, Ronaldo}
}

@article{bell2015introduccao,
	title={Introdu{\c{c}}{\~a}o ao GitHub},
	author={Bell, Peter and Beer, Brent},
	journal={S{\~a}o Paulo, SP. Dispon{\'\i}vel em:< https://www. novatec. com. br/livros/introgithub/capitulo9788575224144. pdf>. Acesso em},
	volume={18},
	year={2015}
}

@article{ouverney2018automaccao,
	title={Automa{\c{c}}{\~a}o do Processo de Implanta{\c{c}}{\~a}o de Software usando Docker e microservi{\c{c}}os-Um Estudo de Caso},
	author={Ouverney, K{\'a}ssio and Martins, Daves M{\'a}rcio Silva},
	journal={Semin{\'a}rios de Trabalho de Conclus{\~a}o de Curso do Bacharelado em Sistemas de Informa{\c{c}}{\~a}o},
	volume={3},
	number={1},
	year={2018}
}

@article{cabralrelato,
	title={Relato de uma Implanta{\c{c}} ao de uma Ferramenta de Integra{\c{c}} ao Cont{\i}nua em um Nucleo de Pr{\'a}ticas em Inform{\'a}tica de uma Universidade},
	author={Cabral, Guylherme Tabosa and de Almeida, Carlos Diego Andrade}
}

@article{netto2016replicaccao,
	title={Replica{\c{c}}{\~a}o de m{\'a}quinas de estado em containers no kubernetes: uma proposta de integra{\c{c}}{\~a}o},
	author={Netto, Hylson and Lung, Lau Cheuk and Correia, Miguel and Luiz, Aldelir Fernando},
	journal={Anais do Simp{\'o}sio Brasileiro de Redes de Computadores e Sistemas Distribuidos},
	year={2016}
}

@article{mceniry2017kubernetes,
	title={Kubernetes: Hit the Ground Running},
	author={McEniry, Chris},
	year={2017},
	publisher={USENIX Association}
}